
@article{li_two_2013,
	title = {Two decades of internet video streaming: A retrospective view},
	volume = {9},
	issn = {15516857},
	url = {http://dl.acm.org/citation.cfm?doid=2523001.2505805},
	doi = {10.1145/2505805},
	shorttitle = {Two decades of internet video streaming},
	pages = {1--20},
	number = {1},
	journaltitle = {{ACM} Transactions on Multimedia Computing, Communications, and Applications},
	author = {Li, Baochun and Wang, Zhi and Liu, Jiangchuan and Zhu, Wenwu},
	urldate = {2017-09-27},
	date = {2013-10-01},
	langid = {english}
}

@inreference{def_streaming_2013,
	title = {{\textless}span lang="en"{\textgreater}Streaming{\textless}/span{\textgreater}},
	rights = {Creative Commons Attribution-{ShareAlike} License},
	url = {https://fr.wikipedia.org/w/index.php?title=Streaming&oldid=140761727},
	abstract = {Le streaming (terme anglais, de stream : « courant », « flux », « flot »), flux direct, flux, lecture en continu, lecture en transit ou diffusion en mode continu, désigne un principe utilisé principalement pour l'envoi de contenu en « direct » (ou en léger différé). On peut également songer à la locution lecture seule, déjà utilisée en informatique.
Très utilisé sur Internet et sur les réseaux de téléphonie mobile, le streaming permet la lecture d'un flux audio ou vidéo (cas de la vidéo à la demande) à mesure qu'il est diffusé. Il s'oppose ainsi à la diffusion par téléchargement de fichiers qui nécessite de récupérer l'ensemble des données d'un morceau ou d'un extrait vidéo avant de pouvoir l'écouter ou le regarder. Néanmoins la lecture en continu est, du point de vue théorique, un téléchargement car il y a un échange de données brutes entre un client et un serveur, mais le stockage est provisoire et n'apparaît pas directement sous forme de fichier sur le disque dur du destinataire. Les données sont téléchargées en continu dans la mémoire vive, sont analysées à la volée par l'ordinateur ou le smartphone et rapidement transférées vers un écran ou un lecteur multimédia (pour affichage) puis remplacées par de nouvelles données. Les flux audio ou vidéo de streaming sont généralement fournis par des plateformes qui proposent plusieurs films, séries ou morceaux musicaux.},
	booktitle = {Wikipédia},
	urldate = {2017-09-28},
	date = {2017-09-18},
	langid = {french},
	note = {Page Version {ID}: 140761727},
	file = {Snapshot:C\:\\Users\\Romain\\Zotero\\storage\\LGJKWDZM\\index.html:text/html}
}

@online{_definition_????,
	title = {Définition streaming},
	url = {http://www.futura-sciences.com/tech/definitions/internet-streaming-1958/}
}

@article{zambelli_history_2013,
	title = {A history of media streaming and the future of connected {TV}},
	issn = {0261-3077},
	url = {http://www.theguardian.com/media-network/media-network-blog/2013/mar/01/history-streaming-future-connected-tv},
	abstract = {We're close to broadly available {HD} streaming which could trigger mass adoption of connected {TV}. Alex Zambelli gives the story so far},
	journaltitle = {The Guardian},
	author = {Zambelli, Alex},
	urldate = {2017-10-04},
	date = {2013-03-01},
	langid = {british},
	keywords = {Connected {TV}, Media \& Tech Network},
	file = {Snapshot:C\:\\Users\\Romain\\Zotero\\storage\\75KE5X3E\\history-streaming-future-connected-tv.html:text/html}
}

@online{_chiffres_2017,
	title = {Chiffres Internet - 2017},
	url = {https://www.blogdumoderateur.com/chiffres-internet/},
	abstract = {Nous rassemblons sur cette page toutes les statistiques liées à Internet : pourcentage d'internautes, nombre d'inscrits sur les réseaux sociaux, usages du},
	titleaddon = {Blog du Modérateur},
	urldate = {2017-10-04},
	date = {2017-04-13},
	file = {Snapshot:C\:\\Users\\Romain\\Zotero\\storage\\PGIIM4AK\\chiffres-internet.html:text/html}
}

@online{marshall_by_2015,
	title = {By 2019, 80\% of the World's Internet Traffic Will Be Video},
	url = {http://tubularinsights.com/2019-internet-video-traffic/},
	abstract = {A new study from Cisco predicts that by 2019, video content will account for an astonishing 80\% of the world's total internet traffic.},
	titleaddon = {Tubular Insights},
	author = {Marshall, Carla},
	urldate = {2017-10-04},
	date = {2015-06-11},
	file = {Snapshot:C\:\\Users\\Romain\\Zotero\\storage\\79FRHBAP\\2019-internet-video-traffic.html:text/html}
}

@online{_cisco_2017,
	title = {Cisco Visual Networking Index: Forecast and Methodology, 2016–2021},
	url = {https://www.cisco.com/c/en/us/solutions/collateral/service-provider/visual-networking-index-vni/complete-white-paper-c11-481360.html},
	shorttitle = {Cisco Visual Networking Index},
	abstract = {Updated annually, this white paper presents the details of the Cisco {VNI} global {IP} traffic forecast and the methodology behind it.},
	titleaddon = {Cisco},
	urldate = {2017-10-04},
	file = {Snapshot:C\:\\Users\\Romain\\Zotero\\storage\\ZZ5XXGNY\\complete-white-paper-c11-481360.html:text/html}
}

@online{rtsp_1996,
	title = {Real Time Streaming Protocol ({RTSP})},
	url = {https://tools.ietf.org/html/rfc2326},
	author = {Schulzrinne \{{\textbackslash}textless\}schulzrinne@cs.columbia.edu\{{\textbackslash}textgreater\}, Henning},
	urldate = {2017-10-05},
	file = {Snapshot:C\:\\Users\\Romain\\Zotero\\storage\\UNZ28V9H\\rfc2326.html:text/html}
}

@article{liu_near-duplicate_2013,
	title = {Near-duplicate video retrieval: Current research and future trends},
	volume = {45},
	issn = {03600300},
	url = {http://dl.acm.org/citation.cfm?doid=2501654.2501658},
	doi = {10.1145/2501654.2501658},
	shorttitle = {Near-duplicate video retrieval},
	pages = {1--23},
	number = {4},
	journaltitle = {{ACM} Computing Surveys},
	author = {Liu, Jiajun and Huang, Zi and Cai, Hongyun and Shen, Heng Tao and Ngo, Chong Wah and Wang, Wei},
	urldate = {2017-10-18},
	date = {2013-08-01},
	langid = {english},
	file = {ContentServer.pdf:C\:\\Users\\Romain\\Documents\\Projet R&D\\ContentServer.pdf:application/pdf}
}

@online{rao_real-time_2016,
	title = {Real-Time Streaming Protocol Version 2.0},
	url = {https://tools.ietf.org/html/rfc7826},
	author = {Rao, Anup and Lanphier, Rob and Stiemerling, Martin and Schulzrinne, Henning and Westerlund, Magnus},
	urldate = {2017-10-18},
	annotation = {Use-case de l'utilisation de {RTSP} pour la distribution live.
https://tools.ietf.org/html/rfc7826\#appendix-Es},
	file = {Snapshot:C\:\\Users\\Romain\\Zotero\\storage\\P5QRJU8B\\rfc7826.html:text/html}
}

@online{_live_2017,
	title = {Live streaming web audio and video},
	url = {https://developer.mozilla.org/en-US/docs/Web/Apps/Fundamentals/Audio_and_video_delivery/Live_streaming_web_audio_and_video},
	abstract = {Live streaming technology is often employed to relay live events such as sports, concerts and more generally {TV} and Radio programmes that are output live. Often shortened to just streaming, live streaming is the process of transmitting media 'live' to computers and devices. This is a fairly complex and nascent subject with a lot of variables, so in this article we'll introduce you to the subject and let you know how you can get started.},
	titleaddon = {Mozilla Developer Network},
	urldate = {2017-10-19},
	file = {Snapshot:C\:\\Users\\Romain\\Zotero\\storage\\P3EY7J32\\Live_streaming_web_audio_and_video.html:text/html}
}

@inproceedings{gros_recent_2012,
	title = {Recent advances and challenges in {TV} structuring},
	pages = {2382--2386},
	booktitle = {Signal Processing Conference ({EUSIPCO}), 2012 Proceedings of the 20th European},
	publisher = {{IEEE}},
	author = {Gros, Patrick},
	date = {2012},
	file = {Gros.pdf:C\:\\Users\\Romain\\Documents\\Projet R&D\\Gros.pdf:application/pdf}
}

@inproceedings{yang_time_2010,
	title = {Time stamp synchronization in video systems},
	booktitle = {International Telemetering Conference Proceedings},
	publisher = {International Foundation for Telemetering},
	author = {Yang, Hsueh-szu and Kupferschmidt, Benjamin},
	date = {2010},
	file = {tp_2010_time_synch_video.pdf:C\:\\Users\\Romain\\Zotero\\storage\\4RJ5AKKD\\tp_2010_time_synch_video.pdf:application/pdf}
}

@online{_chronique_streaming_2010,
    title = {Streaming Vidéo: Histoire et évolution de l'offre et des usages},
    url = {https://hautdeforme.files.wordpress.com/2013/01/analysediachroniquestreaming.pdf},
    shorttitle = {analysediachroniquestreaming},
    author = {Ndiaye, Awa and Martin, Solène and Jacob, Sébastien},
    urldate = {2017-11-29}
}

@online{_introduction_2016,
	title = {Introduction aux protocoles},
	url = {https://openclassrooms.com/courses/les-reseaux-de-zero/introduction-aux-protocoles},
	titleaddon = {{OpenClassrooms}},
	urldate = {2017-12-07},
	file = {Snapshot:C\:\\Users\\Romain\\Zotero\\storage\\BEB8VXTI\\introduction-aux-protocoles.html:text/html}
}

@online{_format_????,
	title = {Le format {MPEG} : présentation et caractéristiques},
	url = {https://www.gralon.net/articles/photo-et-video/photo-et-video/article-le-format-mpeg---presentation-et-caracteristiques-1388.htm},
	shorttitle = {Le format {MPEG}},
	abstract = {Les différents formats {MPEG} très couramment utilisés pour la compression, le traitement et le codage des vidéos sont des standards internationaux développés par un groupe d’experts. Nous vous proposons de découvrir les caractéristiques de ces différents standards., par Audrey},
	titleaddon = {Gralon},
	urldate = {2017-10-26}
}

@online{_how_2016,
	title = {How to Sort Through the Variety of Streaming Protocols},
	url = {http://letzgro.net/blog/the-variety-of-streaming-protocols/},
	abstract = {Deep understanding of video streaming technology key points will provide you a clear picture of the choices you have here. Video streaming intends transmitting media data online while enabling users to process it without completing the process of transmission. According to this, streaming protocols are just the ways of this transmission.  Therefore, choosing a streaming protocol that will perfectly suit the type of media...},
	titleaddon = {Letzgro},	
	urldate = {2017-10-26},
	date = {2016-08-26},
	file = {Snapshot:C\:\\Users\\Romain\\Zotero\\storage\\6K62YNM8\\the-variety-of-streaming-protocols.html:text/html}
}

@online{sancerre_canal+_2017,
	title = {Canal+ veut pousser les abonnés vers son application},
	url = {http://www.journaldeleconomie.fr/Canal-veut-pousser-les-abonnes-vers-son-application_a4601.html},
	abstract = {Quitte à abandonner le décodeur.},
	titleaddon = {Journal de l'économie},
	author = {Sancerre, Olivier},
	urldate = {2017-11-22},
	file = {Snapshot:C\:\\Users\\Romain\\Zotero\\storage\\ZTPGMGDF\\Canal-veut-pousser-les-abonnes-vers-son-application_a4601.html:text/html}
}

@article{abduraman_tv_2012,
	title = {{TV} Program Structuring Techniques},
	pages = {157},
	journaltitle = {{TV} Content Analysis: Techniques and Applications},
	author = {Abduraman, Alina Elma and Berrani, Sid Ahmed and Merialdo, Bernard},
	date = {2012},
	file = {mm-publi-3481.pdf:C\:\\Users\\Romain\\Zotero\\storage\\4HURZMIW\\mm-publi-3481.pdf:application/pdf}
}

@inreference{_akamai_2017,
	title = {Akamai Technologies},
	rights = {Creative Commons Attribution-{ShareAlike} License},
	url = {https://fr.wikipedia.org/w/index.php?title=Akamai_Technologies&oldid=134853340},
	abstract = {Akamai Technologies ({NASDAQ} : {AKAM}) est une société américaine spécialisée dans la mise à disposition de serveurs de cache pour les entreprises. La mise en cache de contenu Web permet une économie de débit Internet, économie particulièrement intéressante pour les sites à très fort trafic. Le siège social d'Akamai se trouve à Cambridge dans le Massachusetts, et sa filiale française est basée à Paris.},
	booktitle = {Wikipédia},
	urldate = {2017-11-23},
	date = {2017-02-24},
	langid = {french},
	note = {Page Version {ID}: 134853340},
	file = {Snapshot:C\:\\Users\\Romain\\Zotero\\storage\\9Z53FZ3B\\index.html:text/html}
}

@software{lee_vlcj:_2017,
	title = {vlcj: Java framework for the vlc media player},
	url = {https://github.com/caprica/vlcj},
	shorttitle = {vlcj},
	author = {Lee, Mark},
	urldate = {2017-12-06},
	date = {2017-12-05},
	note = {original-date: 2012-01-28T07:42:49Z},
	file = {Snapshot:C\:\\Users\\Romain\\Zotero\\storage\\RFIBWGY2\\vlcj.html:text/html}
}

@online{_flash_2017,
	title = {Flash \& The Future of Interactive Content},
	url = {https://theblog.adobe.com/adobe-flash-update/},
	abstract = {Adobe has long played a leadership role in advancing interactivity and creative content – from video, to games and more – on the web. Where we’ve seen a need to pus...},
	titleaddon = {Adobe Blog},
	urldate = {2017-12-06},
	date = {2017-07-25},
	file = {Snapshot:C\:\\Users\\Romain\\Zotero\\storage\\IIK8DFF7\\adobe-flash-update.html:text/html}
}

@online{_thought_2010,
	title = {Thoughts on Flash - Apple},
	url = {https://www.apple.com/hotnews/thoughts-on-flash/},
	urldate = {2017-12-06},
	file = {Thoughts on Flash - Apple:C\:\\Users\\Romain\\Zotero\\storage\\5GIFEHPU\\thoughts-on-flash.html:text/html}
}

@online{fielding_hypertext_1996,
	title = {Hypertext Transfer Protocol -- {HTTP}/1.0},
	url = {https://tools.ietf.org/html/rfc1945},
	author = {Fielding, Roy T. and Berners-Lee, Tim and Frystyk, Henrik},
	urldate = {2017-12-07},
	file = {Snapshot:C\:\\Users\\Romain\\Zotero\\storage\\ZKU5Q77V\\rfc1945.html:text/html}
}

@inreference{_adaptive_2017,
	title = {Adaptive bitrate streaming},
	rights = {Creative Commons Attribution-{ShareAlike} License},
	url = {https://en.wikipedia.org/w/index.php?title=Adaptive_bitrate_streaming&oldid=806215994},
	abstract = {Adaptive bitrate streaming is a technique used in streaming multimedia over computer networks. While in the past most video streaming technologies utilized streaming protocols such as {RTP} with {RTSP}, today's adaptive streaming technologies are almost exclusively based on {HTTP} and designed to work efficiently over large distributed {HTTP} networks such as the Internet.
It works by detecting a user's bandwidth and {CPU} capacity in real time and adjusting the quality of a video stream accordingly. It requires the use of an encoder which can encode a single source video at multiple bit rates. The player client switches between streaming the different encodings depending on available resources. "The result: very little buffering, fast start time and a good experience for both high-end and low-end connections."
More specifically, and as the implementations in use today are, adaptive bitrate streaming is a method of video streaming over {HTTP} where the source content is encoded at multiple bit rates, then each of the different bit rate streams are segmented into small multi-second parts. The streaming client is made aware of the available streams at differing bit rates, and segments of the streams by a manifest file. When starting, the client requests the segments from the lowest bit rate stream. If the client finds the download speed is greater than the bit rate of the segment downloaded, then it will request the next higher bit rate segments. Later, if the client finds the download speed for a segment is lower than the bit rate for the segment, and therefore the network throughput has deteriorated, then it will request a lower bit rate segment. The segment size can vary depending on the particular implementation, but they are typically between two (2) and ten (10) seconds.},
	booktitle = {Wikipedia},
	urldate = {2017-12-07},
	date = {2017-10-20},
	langid = {english},
	note = {Page Version {ID}: 806215994},
	file = {Snapshot:C\:\\Users\\Romain\\Zotero\\storage\\CCDFE6EG\\index.html:text/html}
}

@online{_html5_2017,
	title = {{HTML}5 Introduction},
	url = {https://www.w3schools.com/html/html5_intro.asp},
	urldate = {2017-12-08},
	file = {HTML5 Introduction:C\:\\Users\\Romain\\Zotero\\storage\\SCGEKP7X\\html5_intro.html:text/html}
}

@online{pantos_http_2017,
	title = {{HTTP} Live Streaming},
	url = {https://tools.ietf.org/html/rfc8216},
	author = {Pantos, Roger and May, William},
	urldate = {2017-12-08},
	file = {Snapshot:C\:\\Users\\Romain\\Zotero\\storage\\N6JP5RLJ\\rfc8216.html:text/html}
}

@online{_vlc_2017,
	title = {{VLC}: Site officiel - Des solutions multimédias libres pour tous les {OS} ! - {VideoLAN}},
	url = {https://www.videolan.org/index.fr.html},
	urldate = {2017-12-08},
	file = {VLC\: Site officiel - Des solutions multimédias libres pour tous les OS ! - VideoLAN:C\:\\Users\\Romain\\Zotero\\storage\\98B4XXF4\\index.fr.html:text/html}
}


@inreference{_mpegdash_2017,
	title = {{\textless}span lang="en"{\textgreater}Dynamic Adaptive Streaming over {HTTP}{\textless}/span{\textgreater}},
	rights = {Creative Commons Attribution-{ShareAlike} License},
	url = {https://fr.wikipedia.org/w/index.php?title=Dynamic_Adaptive_Streaming_over_HTTP&oldid=137922465},
	abstract = {Dynamic Adaptive Streaming over {HTTP} (diffusion en flux adaptatif dynamique sur {HTTP}) souvent nommé {MPEG}-{DASH} est un standard de format de diffusion audiovisuelle sur Internet. Il se base sur la préparation du contenu en différentes présentations de qualité et débit variable, découpées en segments de courte durée (quelques secondes). Chacun de ces segments est rendu disponible individuellement au moyen d'un protocole d'échange. Le protocole principalement ciblé est {HTTP} comme l'indique le titre, mais la spécification admet explicitement que d'autres protocoles (par exemple {FTP}) puissent être utilisés. L'organisation des segments et les paramètres associés sont publiés dans un manifeste au format {XML}.
La norme {ISO}/{IEC} 23009 finalisée fin 2011, définit le format du manifeste ainsi que celui des segments basés sur des formats de conteneur {MPEG} : {ISO} Base Media File Format ({ISO}/{IEC} 14496-12) et {MPEG}-2 Transport Stream ({ISO}/{IEC} 13818-1), et donne des indications pour la définition d'autres formats de segment.
Le comportement attendu des clients {MPEG}-{DASH} et les algorithmes d'adaptation ne sont pas normalisés, laissant aux fournisseurs de ces applications une large marge pour la différenciation commerciale et/ou l'adaptation à des besoins spécifiques.
L'idée de base est que le client {MPEG}-{DASH} effectue une estimation de la bande passante disponible pour la réception des segments, et en fonction du remplissage de son tampon de réception il choisit pour le prochain segment à charger une représentation dont le débit :
assure la meilleure qualité possible
et permet un délai de réception compatible avec le rendu ininterrompu du contenu.
L'utilisation de {HTTP} comme protocole sous-jacent permet de s'appuyer efficacement sur l'infrastructure existante du web et les bibliothèques réseau existantes sur les appareils connectés à Internet (ordinateurs, tablettes, télévisions connectées, décodeurs, smartphones...)},
	booktitle = {Wikipédia},
	urldate = {2017-12-07},
	date = {2017-06-04},
	langid = {french},
	note = {Page Version {ID}: 137922465},
	file = {Snapshot:C\:\\Users\\Romain\\Zotero\\storage\\C58QZWC3\\index.html:text/html}
}

@online{_ffmpeg_2017,
	title = {{FFmpeg}},
	url = {https://www.ffmpeg.org/},
	urldate = {2017-12-08},
	file = {FFmpeg:C\:\\Users\\Romain\\Zotero\\storage\\DL6WCLQ4\\www.ffmpeg.org.html:text/html}
}